@phdthesis{schurmann-phd,
    author = {Schürmann, Carsten},
    title = {Automating the Meta Theory of Deductive Systems},
    year = 2000,
    address = {
        School of Computer Science, Carnegie Mellon University,
        Pittsburgh, PA 15213
    },
    month = 10
}

@article{bp-proof-pearl,
  title={Proof pearl: The power of higher-order encodings in the logical framework LF},
  author={Pientka, Brigitte},
  journal={Theorem Proving in Higher Order Logics},
  pages={246--261},
  year={2007},
  publisher={Springer}
}

@article{lf,
  title={A framework for defining logics},
  author={Harper, Robert and Honsell, Furio and Plotkin, Gordon},
  journal={Journal of the ACM (JACM)},
  volume={40},
  number={1},
  pages={143--184},
  year={1993},
  publisher={ACM}
}

@inproceedings{hoas,
  title={Higher-order abstract syntax},
  author={Pfenning, Frank and Elliott, Conal},
  booktitle={ACM SIGPLAN Notices},
  volume={23},
  number={7},
  pages={199--208},
  year={1988},
  organization={ACM}
}

@inproceedings{poplmark,
  title={Mechanized metatheory for the masses: The POPLmark challenge},
  author={Aydemir, Brian E and Bohannon, Aaron and Fairbairn, Matthew and Foster, J Nathan and Pierce, Benjamin C and Sewell, Peter and Vytiniotis, Dimitrios and Washburn, Geoffrey and Weirich, Stephanie and Zdancewic, Steve},
  booktitle={TPHOLs},
  volume={3603},
  pages={50--65},
  year={2005},
  organization={Springer}
}

@inproceedings{twelf,
  title={System description: Twelf -- a meta-logical framework for deductive systems},
  author={Pfenning, Frank and Schürmann, Carsten},
  booktitle={CADE},
  volume={1632},
  pages={202--206},
  year={1999},
  organization={Springer}
}

@article{tac,
  title={Focused inductive theorem proving},
  author={Baelde, David and Miller, Dale and Snow, Zachary},
  journal={Automated Reasoning},
  pages={278--292},
  year={2010},
  publisher={Springer}
}

@inproceedings{beluga,
  title={Beluga: A Framework for Programming and Reasoning with Deductive Systems (System Description).},
  author={Pientka, Brigitte and Dunfield, Joshua},
  booktitle={IJCAR},
  volume={6173},
  pages={15--21},
  year={2010},
  organization={Springer}
}

@inproceedings{inductive-beluga,
  title={Inductive Beluga: Programming Proofs},
  author={Pientka, Brigitte and Cave, Andrew},
  booktitle={International Conference on Automated Deduction},
  pages={272--281},
  year={2015},
  organization={Springer}
}

@inproceedings{subst-beluga,
  title={First-class substitutions in contextual type theory},
  author={Cave, Andrew and Pientka, Brigitte},
  booktitle={Proceedings of the Eighth ACM SIGPLAN international workshop on Logical frameworks \& meta-languages: theory \& practice},
  pages={15--24},
  year={2013},
  organization={ACM}
}
