@article{focused-atp,
  title={Focused inductive theorem proving},
  author={Baelde, David and Miller, Dale and Snow, Zachary},
  journal={Automated Reasoning},
  pages={278--292},
  year={2010},
  publisher={Springer}
}
