@inproceedings{ltl,
  title={Fair reactive programming},
  author={Cave, Andrew and Ferreira, Francisco and Panangaden, Prakash and Pientka, Brigitte},
  booktitle={ACM SIGPLAN Notices},
  volume={49},
  number={1},
  pages={361--372},
  year={2014},
  organization={ACM}
}

@inproceedings{copatterns,
  title={Copatterns: programming infinite structures by observations},
  author={Abel, Andreas and Pientka, Brigitte and Thibodeau, David and Setzer, Anton},
  booktitle={ACM SIGPLAN Notices},
  volume={48},
  number={1},
  pages={27--38},
  year={2013},
  organization={ACM}
}

@inproceedings{frp-hudak,
  title={Functional reactive animation},
  author={Elliott, Conal and Hudak, Paul},
  booktitle={ACM SIGPLAN Notices},
  volume={32},
  number={8},
  pages={263--273},
  year={1997},
  organization={ACM}
}

@inproceedings{neelk1,
  title={Higher-order functional reactive programming without spacetime leaks},
  author={Krishnaswami, Neelakantan R},
  booktitle={ACM SIGPLAN Notices},
  volume={48},
  number={9},
  pages={221--232},
  year={2013},
  organization={ACM}
}

@inproceedings{neelk2,
  title={Ultrametric semantics of reactive programs},
  author={Krishnaswami, Neelakantan R and Benton, Nick},
  booktitle={Logic in Computer Science (LICS), 2011 26th Annual IEEE Symposium on},
  pages={257--266},
  year={2011},
  organization={IEEE}
}

@inproceedings{neelk3,
  title={A semantic model for graphical user interfaces},
  author={Krishnaswami, Neelakantan R and Benton, Nick},
  booktitle={ACM SIGPLAN Notices},
  volume={46},
  number={9},
  pages={45--57},
  year={2011},
  organization={ACM}
}

@inproceedings{pnueli,
  title={The temporal logic of programs},
  author={Pnueli, Amir},
  booktitle={Foundations of Computer Science, 1977., 18th Annual Symposium on},
  pages={46--57},
  year={1977},
  organization={IEEE}
}

@inproceedings{davies-ltl,
  title={A temporal-logic approach to binding-time analysis},
  author={Davies, Rowan},
  booktitle={Logic in Computer Science, 1996. LICS'96. Proceedings., Eleventh Annual IEEE Symposium on},
  pages={184--195},
  year={1996},
  organization={IEEE}
}
